%% BibTeX database for the paper asme2e.tex
 bibtexfile{
 author="Manos Anagnostakis",
 version="1",
 date="April 18, 2023",
 filename="asme2e.bib",
 address="Computer Architecture and VLSI Systems Laboratory, ICS FORTH, Voutes, Iraklion",
 email="manosanag@ics.forth.gr" 
}


@inproceedings {254270,
	author = "Iacovos G. Kolokasis, Anastasios Papagiannis, Polyvios Pratikakis, Angelos Bilas, Foivos Zakkak, Giannos Evdorou, Shoaib Akram and Christos Kozanitis",
	title = "TeraHeap: Reducing Memory Pressure in Managed Big Data Frameworks",
	booktitle = "ASPLOS ’23, March 25–29, 2023, Vancouver, BC, Canada",
	year = 2023,
	url = "https://dl.acm.org/doi/abs/10.1145/3582016.3582045",
	publisher = "Association for Computing Machinery",
	month = "March"
}

@inproceedings {254271,
	author = "",
	title = "Improving Spark Application Throughput Via Memory Aware Task Co-location: A Mixture of Experts Approach",
	booktitle = "",
	year = 2000,
	url = "",
	publisher = "",
	month = ""
}

@inproceedings {254272,
	author = "",
	title = "Optimal Heap Limits for Reducing Browser Memory Use",
	booktitle = "",
	year = 2000,
	url = "",
	publisher = "",
	month = ""
}

@inproceedings {254273,
	author = "",
	title = "Apache Spark: A Unified Engine for Big Data Processing",
	booktitle = "",
	year = 2000,
	url = "",
	publisher = "",
	month = ""
}

@inproceedings {254274,
	author = "",
	title = "TMO: Transparent Memory Offloading in Datacenters",
	booktitle = "",
	year = 2000,
	url = "",
	publisher = "",
	month = ""
}

@inproceedings {254275,
	author = "",
	title = "Can Far Memory Improve Job Throughput?",
	booktitle = "",
	year = 2000,
	url = "",
	publisher = "",
	month = ""
}

@inproceedings {254276,
	author = "",
	title = "Per-VM Page Cache Partitioning for Cloud Computing Platforms",
	booktitle = "",
	year = 2000,
	url = "",
	publisher = "",
	month = ""
}
