%% BibTeX database for the paper asme2e.tex

@inproceedings {TeraHeap,
    author = "Iacovos G. Kolokasis and Anastasios Papagiannis and Polyvios Pratikakis and Angelos Bilas and Foivos Zakkak and Giannos Evdorou and Shoaib Akram and Christos Kozanitis",
    title = "TeraHeap: Reducing Memory Pressure in Managed Big Data Frameworks",
    booktitle = "ASPLOS ’23, March 25–29, 2023, Vancouver, BC, Canada",
    year = 2023,
    url = "https://dl.acm.org/doi/abs/10.1145/3582016.3582045",
    publisher = "Association for Computing Machinery",
    month = "March"
}

@inproceedings {Colocation,
	author = "Vicent Sanz Marco and Ben Taylor and Barry Porter and Zheng Wang",
	title = "Improving Spark Application Throughput Via Memory Aware Task Co-location: A Mixture of Experts Approach",
	booktitle = "Proceedings of Middleware ’17, Las Vegas, NV, USA",
	year = 2017,
	url = "",
	publisher = "Association for Computing Machinery",
	month = "December"
}

@inproceedings {Limits,
	author = "Marisa Kirisame and Pranav Shenoy and Pavel Panchekha",
	title = "Optimal Heap Limits for Reducing Browser Memory Use",
	booktitle = "OOPSLA",
	year = 2022,
	url = "",
	publisher = "Association for Computing Machinery",
	month = "October"
}

@inproceedings {Spark,
	author = "Matei Zaharia and Reynold S. Xin and Patrick Wendell and Tathagata Das and Michael Armbrust and Ankur Dave and Xiangrui Meng and Josh Rosen and Shivaram Venkataraman and Michael J. Franklin and Ali Ghodsi and Joseph Gonzalez and Scott Shenker and Ion Stoica",
	title = "Apache Spark: A Unified Engine for Big Data Processing",
	booktitle = "Communications of the ACM",
	year = 2016,
	url = "",
	publisher = "Association for Computing Machinery",
	month = "November"
}

@inproceedings {CFM,
	author = "Emmanuel Amaro and Christopher Branner-Augmon and Zhihong Luo and Amy Ousterhout and Marcos K. Aguilera and Aurojit Panda and Sylvia Ratnasamy and Scott Shenker",
	title = "Can Far Memory Improve Job Throughput?",
	booktitle = "EuroSys ’20, April 27–30, 2020, Heraklion, Greece",
	year = 2020,
	url = "",
	publisher = "Association for Computing Machinery",
	month = "April"
}

@inproceedings {TMO,
	author = "Johannes Weiner and Niket Agarwal and Dan Schatzberg and Leon Yang and Hao Wang and Blaise Sanouillet and Bikash Sharma and Tejun Heo and Mayank Jain and Chunqiang Tang and Dimitrios Skarlatos",
	title = "TMO: Transparent Memory Offloading in Datacenters",
	booktitle = "ASPLOS ’22, February 28 – March 4, 2022, Lausanne, Switzerland",
	year = 2022,
	url = "",
	publisher = "Association for Computing Machinery",
	month = "February"
}

@inproceedings {PC,
	author = "Prateek Sharma and Purushottam Kulkarni and Prashant Shenoy",
	title = "Per-VM Page Cache Partitioning for Cloud Computing Platforms",
	booktitle = "",
	year = "",
	url = "",
	publisher = "Association for Computing Machinery",
	month = ""
}

@inproceedings {QOS,
        author = "Huankai Chen and Frank Z Wang",
        title = "Spark on Entropy: A Reliable and Efficient Scheduler for Low-latency Parallel Jobs in Heterogeneous Cloud",
        booktitle = "LCN 2015, Clearwater Beach, Florida, USA",
        year = "2015",
        url = "",
        publisher = "Association for Computing Machinery",
        month = ""
}

@inproceedings {MHH,
        author = "Lauritz Thamsen and Jossekin Beilharz and Vinh Thuy Tran and Sasho Nedelkoski and Odej Kao",
        title = "Mary, Hugo, and Hugo*: Learning to schedule distributed data-parallel processing jobs on shared clusters",
        booktitle = "Euro-Par 2019",
        year = "2019",
        url = "",
        publisher = "Association for Computing Machinery",
        month = ""
}

@inproceedings {Docker,
        author = "Janki Bhimani and Zhengyu Yang and Miriam Leeser and Ningfang Mi",
        title = "Accelerating Big Data Applications Using Lightweight Virtualization Framework on Enterprise Cloud",
        booktitle = "2017 IEEE High Performance Extreme Computing Conference (HPEC)", 
        year = "2017",
        url = "",
        publisher = "IEEE", 
        month = "September"
}

@inproceedings {IDC,
        author = "Kaihui Zhang and Yusuke Tanimura and Hidemoto Nakada and Hirotaka Ogawa",
        title = "Understanding and improving disk-based intermediate data caching in Spark",
        booktitle = "2017 IEEE International Conference on Big Data (Big Data)",
        year = "2017",
        url = "",
        publisher = "IEEE",
        month = "December"
}

@inproceedings {HQL,
        author = "Youppadee Intasorn and Kritwara Rattanaopas and Yanapat Chuchuen",
        title = "Using compression tables to improve HiveQL Performance with Spark A Case study on NVMe Storage Devices",
        booktitle = "2022 26th International Computer Science and Engineering Conference (ICSEC)",
        year = "2022",
        url = "",
        publisher = "IEEE",
        month = "December"
}

@article {RDD,
	author = "Apache", 
	title = "RDD Programming guide (Spark 3.4.0 - 2023 update) - https://spark.apache.org/docs/latest/rdd-programming-guide.html", 
	year = 2023,
	url = "https://spark.apache.org/docs/latest/rdd-programming-guide.html",
	month = "April" 
}

@article {Building,
        author = "Apache",
        title = "Building Spark (Spark 3.4.0 - 2023 update) - https://spark.apache.org/docs/latest/building-spark.html",
        year = 2023,
        url = "https://spark.apache.org/docs/latest/building-spark.html",
        month = "April"
}

@article {Tuning,
        author = "Apache",
        title = "Tuning Spark (Spark 3.4.0 - 2023 update) - https://spark.apache.org/docs/latest/tuning.html",
        year = 2023,
        url = "https://spark.apache.org/docs/latest/tuning.html",
        month = "April"
}

@article {Conf,
        author = "Apache",
        title = "Spark Configuration (Spark 3.4.0 - 2023 update) - https://spark.apache.org/docs/latest/configuration.html",
        year = 2023,
        url = "https://spark.apache.org/docs/latest/configuration.html",
        month = "April"
}

@article {Monitoring,
        author = "Apache",
        title = "Monitoring and Instrumentation (Spark 3.4.0 - 2023 update) - https://spark.apache.org/docs/latest/monitoring.html",
        year = 2023,
        url = "https://spark.apache.org/docs/latest/monitoring.html",
        month = "April"
}

@article {VM,
       	author = "chriswhocodes",
        title = "VM Options Explorer - OpenJDK8 HotSpot - https://chriswhocodes.com",
        year = 2023,
        url = "https://chriswhocodes.com/hotspot_options_openjdk8.html",
        month = "April"
}

@article {Alibaba,
        author = "",
        title = "Who Limits the Resource Efficiency of My Datacenter: An
Analysis of Alibaba Datacenter Traces",
        year = 2019,
        url = "",
        month = ""
}

@article {Twine,
        author = "",
        title = "Twine: A Unified Cluster Management System for Shared Infrastructure",
        year = 2020,
        url = "",
        month = ""
}
